%%%% Guide til bibtex og litteratur.bib %%%%

% Alle kilder angives efter Harvard-metoden og vil i rapporten fremstaa med [FORFATTER, AAR] eller mere praecist [EFTERNAVN, AAR].

% Nederst findes eksempler paa kildeangivelser af typerne book, article, manual techreport og misc.
	% - Book bruges ved helt almindelige boeger
	% - Article bruges ved artikler og udgivelser
	% - Manual bruges ved henvisninger fra internettet, idet \url-funktionen findes her
	% - Techreport kan bruges ved mindre udgivelser, hvor kun titel, forfatter og aar er noedvendig eller tilgaengelig
	% - Misc kan bruges ved det, der falder udenfor de andre kategorier - interview, forelaesninger, foredrag osv. 

% Hvis der er flere forfattere paa en kilde, SKAL de listes med 'and' imellem dem - ogsaa ved 3 og derover (f.eks. FORFATTER 1 and FORFATTER 2 and FORFATTER 3). Naar kildelisten bygges i rapporten, vil der ved 2 forfattere komme til at staa [EFTERNAVN 1 og EFTERNAVN 2, AAR] og ved 3 forfattere og derover komme til at staa [EFTERNAVN 1 et. al, AAR]. 

% Ved almindelige forfatternavne skal der vaere ét saet tuborg-parenteser ved Author (f.eks. author = {H. C. Andersen}). Ved andre navne (f.eks. virksomheder, hjemmesider, grupper, raad, naevn osv.) skal der vaere 2 saet tuborg-parenteser ved Author (f.eks. author = {{Dansk Standard}}). Begrundelse: Med 2 saet tuborg-parenteser skrives hele parentesen ud som forfatter, [Dansk Standard, AAR]. Alternativt ville der i eksemplet bare komme til at staa [Standard, AAR].

%-----------------------------------------------------%

%%%% EKSEMPLER (book, article, manual, techreport og misc) %%%%







@techreport{RefWorks:21,
	author={{Dansk Selskab for Apopleksi}},
	year={2013},
	month={July},
	title={Referenceprogram for behandling af patienter med apopleksi og TCI},
	institution={Dansk Selskab for Apopleksi}
}

@misc{RefWorks:30,
  author = 	 {{EDABUSA}},
  year = 	 {2010},
  month = 	 {December},
  title = 	 {Maunual, H100B, Pulse Oximeter}
	institution=	{Dansk Selskab for Apopleksi}
}

@techreport{RefWorks:42,
	author={{EUROPEAN COMMISSION DG HEALTH AND CONSUMER}},
	year={2010},
	month={June},
	title={MEDICAL DEVICES : Guidance document  -  Classification of medical devices},
	institution={http://ec.europa.eu/}
}

@misc{RefWorks:10,
	author={{FCG Software Service}},
	year={2007},
	title={Applying 4+1 View Architecture with UML 2},
	institution={http://www.sparxsystems.com.au/}
}

@misc{RefWorks:18,
  	author = 	{{Freescale Semiconductor}},
 	year = 	 	{2010},
  	month = 	{May},
  	title = 	{Datasheet, MPX5100, Integrated Silicon Pressure Sensor On-Chip Signal Conditioned, Temperature Compensated and Calibrated},
	note =		V13
}

@online{RefWorks:33,
	author={{Hjernesagen}},
	year={2015},
	month={15 April},
	title={Fakta om apopleksi}
 	url = {http://www.hjernesagen.dk/om-hjerneskader/bloedning-eller-blodprop-i-hjernen/fakta-om-apopleksi},
  	urldate = {27-11-2015}
}

@manual{RefWorks:14,
  	author = {{ILITEK}},
  	title =  {Datasheet, ILI9340, a-Si TFT LCD Single Chip Driver  240RGBx320 Resolution and 262K color},
	note =	V0.12
}

@manual{RefWorks:17,
 	author = {{Microchip}},
  	year = 	 {2009},
  	month =  {November},
  	title =  {Datasheet, MCP6001/1R/1U/2/4, 1 MHz, Low-Power Op Amp},
	note =	V12
}

@manual{RefWorks:12,
  author = 	 {{Motorola}},
  year = 	 {1996},
  title = 	 {Datasheet, MC7800, Series}
}

@misc{RefWorks:11,
  	author = 	 {{NXP Semiconductors}},
  	year = 	 {2009},
  	month = 	 {4/5},
  	title = 	 {Datasheet, 74AHCT14,  Hex inverting Schmitt trigger},
	note =	V5
}

@online{RefWorks:36,
	author={{Pivotal Software}},
	title={Tracker simplifies collaboration and crystallizes priorities to help your teams focus on what’s essential.}
 	url = {https://www.pivotaltracker.com/},
  	urldate = {27-11-2015}
}

@manual{RefWorks:16,
  author = 	 {{STMicroelectronics}},
  year = 	 {2000},
  month = 	 {January},
  title = 	 {Datasheet, L298, DUAL FULL-BRIDGE DRIVER}
}

@online{RefWorks:43,
	author={{Sundhedsstyrelsen}},
	year={2015},
	month={August},
	title={CE-mærkning},
 	url = {http://sundhedsstyrelsen.dk/da/medicin/medicinsk-udstyr/ce-maerkning},
  	urldate = {1-12-2015}

}

@online{RefWorks:41,
	author={{Sundhedsstyrelsen}},
	year={2013},
	month={March},
	title={Introduktion til klinisk afprøvning af medicinsk udstyr},
 	url = {http://sundhedsstyrelsen.dk/da/medicin/medicinsk-udstyr/klinisk-afproevning/introduktion},
  	urldate = {1-12-2015}
}

@online{RefWorks:40,
	author={{www.Arduino.cc}},
	title={Arduino MEGA 2560 & Genuino MEGA 2560},
 	url = {https://www.arduino.cc/en/Main/ArduinoBoardMega2560},
  	urldate = {29-11-2015}
}

@misc{RefWorks:15,
  author = 	 {Rick Steiner and Alan Moore},
  year = 	 {2009},
  month = 	 {September},
  title = 	 {Tutorial, OMG Systems Modeling Language  (OMG SysMLTM)   }
}

@misc{RefWorks:39,
  author = 	 {Grethe Andersen},
  year = 	 {2014},
  month = 	 {December},
  title = 	 {Study Protocol, Effect of Remote Ischemic Per- and Postconditioning on clinical outcome in patients with Acute Ischemic Stroke: A Multicentre randomized controlled clinical study.}
}

@online{RefWorks:35,
	author={Kent Beck and James Grenning and ...}
 	url = {http://www.agilemanifesto.org/iso/dk/},
  	urldate = {1-12-2015}
}

@book{RefWorks:31,
	author={Braude, Eric J. and Bernstein,Michael E.,},
	year={2011},
	title={Software engineering : modern approaches},
	publisher={J. Wiley \& Sons},
	address={Hoboken, NJ},
	note={ID: 166380554},
	abstract={This volume communicates the complexity of software engineering, a field that is on the rise. It extensively uses design patterns giving readers sophisticated, eminently practical tools and adds a technical edge to software engineering.},
	isbn={9780471692089 0471692085},
	language={English}
}

@techreport{RefWorks:37,
	author={Lars Ehlers and Lotte Groth Jensen and Wilhelmina Maria Müskens and Helle Bødker Madsen},
	year={2006},
	month={25 September},
	title={MTV, Økonomiske konsekvenser ved indførelse af trombolysebehandling i Danmark},
	institution={MTV-enheden ved Århus Universitetshospital i samarbejde med Hjerteforeningen},
	isbn={87-991564-0-7}
}

@article{RefWorks:8,
	author={LA Geddes and M. Voelz and C. Combs and D. Reiner and CF Babbs},
	year={1982},
	title={Characterization of the oscillometric method for measuring indirect blood pressure},
	journal={Annals of Biomedical Engineering},
	volume={10},
	number={6},
	pages={271-280}
}

@article{RefWorks:20,
	author={David C. Hess and Rolf A. Blauenfeldt and Grethe Andersen and Kristina D. Hougaard and Md Nasrul Hoda and Yuchuan Ding and Xunming Ji},
	year={2015},
	title={Remote ischaemic conditioning [mdash] a new paradigm of self-protection in the brain},
	journal={Nature Reviews Neurology}
}

@article{RefWorks:3,
	author={David C. Hess and Md Nasrul Hoda and Kanchan Bhatia},
	year={2013},
	title={Remote limb perconditioning [corrected] and postconditioning: will it translate into a promising treatment for acute stroke?},
	journal={Stroke; a journal of cerebral circulation},
	volume={44},
	number={4},
	pages={1191},
	keywords={Extremities - pathology; Ischemic Preconditioning - methods; Reperfusion Injury - prevention & control; Neurology - methods; Stroke - therapy},
	language={English}
}

@book{RefWorks:27,
	author={John G. Webster},
	year={2009},
	title={Medical instrumentation : application and design},
	publisher={John Wiley \& Sons},
	address={Hoboken, N. J. : Wiley, 2009},
	edition={4},
	isbn={9780471676003}
}

@book{RefWorks:22,
	author={Thomas Jue and Kazumi Masuda},
	year={2013},
	title={Application of near infrared spectroscopy in biomedicine},
	publisher={Springer}
}

@online{RefWorks:34,
	author={Christina Rostrup Kruuse},
	year={2014},
	month={September},
	title={Behandling ved apopleksi}
 	url = {https://www.sundhed.dk/borger/sygdomme-a-aa/hjerte-og-blodkar/sygdomme/apopleksi/behandling-ved-apopleksi/},
  	urldate = {1-12-2015}
}

@article{RefWorks:13,
	author={Jiankun Liu and Jin-Oh Hahn and Ramakrishna Mukkamala},
	year={2013},
	title={Error mechanisms of the oscillometric fixed-ratio blood pressure measurement method},
	journal={Annals of Biomedical Engineering},
	volume={41},
	number={3},
	pages={587-597}
}

@book{RefWorks:29,
	author={Olav Sand, Øystein V Sjaastad, Egil Haug, Jan G Bjålie},
	year={2008},
	title={Menneskets anatomi og fysiolog},
	publisher={Gads Forlag},
	edition={2},
	isbn={9788712042983}
}

@book{RefWorks:32,
	author={Svend Schulze and Torben V. Schroeder},
	year={2010},
	title={Basisbog i sygdomslære},
	publisher={Munksgaard Danmark}
}

@article{RefWorks:38,
	author={Joshua Slysz and Jack Stultz and Jamie F. Burr},
	year={2015},
	title={The efficacy of blood flow restricted exercise: A systematic review & meta-analysis},
	journal={Journal of Science and Medicine in Sport}
}

@article{RefWorks:24,
	author={G. S. Stergiou and G. Parati and R. Asmar and E. O'Brien and European Society of Hypertension Working Group on Blood Pressure Monitoring},
	year={2012},
	month={Mar},
	title={Requirements for professional office blood pressure monitors},
	journal={Journal of hypertension},
	volume={30},
	number={3},
	pages={537-542},
	note={JID: 8306882; ppublish},
	language={eng}
}

@book{RefWorks:28,
	author={Roland E. Thomas and Albert J. Rosa and Gregory J. Toussaint},
	year={2011},
	title={The analysis and design of linear circuits},
	publisher={Wiley Publishing}
}

}

